<record><leader>00000cas a22000007a 4500</leader><controlfield tag="001">14393121</controlfield><controlfield tag="008">861014d18611uuutxuwr ne      0    0eng d</controlfield><datafield ind1=" " ind2=" " tag="010"><subfield code="a">sn 86089586 </subfield></datafield><datafield ind1=" " ind2=" " tag="040"><subfield code="a">PPM</subfield><subfield code="b">eng</subfield><subfield code="c">PPM</subfield><subfield code="d">OCLCQ</subfield></datafield><datafield ind1=" " ind2=" " tag="042"><subfield code="a">msc</subfield></datafield><datafield ind1="0" ind2=" " tag="130"><subfield code="a">Herald and gazette (Jefferson, Tex.)</subfield></datafield><datafield ind1="1" ind2="0" tag="245"><subfield code="a">Herald and gazette.</subfield></datafield><datafield ind1=" " ind2=" " tag="260"><subfield code="a">Jefferson, Tex. :</subfield><subfield code="b">A.M. Walker and Allan Kirbie</subfield></datafield><datafield ind1=" " ind2=" " tag="300"><subfield code="a">v. ;</subfield><subfield code="c">45 cm.</subfield></datafield><datafield ind1=" " ind2=" " tag="310"><subfield code="a">Weekly</subfield></datafield><datafield ind1="1" ind2=" " tag="362"><subfield code="a">Began in 1861?</subfield></datafield><datafield ind1=" " ind2=" " tag="500"><subfield code="a">Continues numbering of: The Jefferson Herald.</subfield></datafield><datafield ind1=" " ind2=" " tag="500"><subfield code="a">"Southern Rights, Southern Institutions and Southern Men."</subfield></datafield><datafield ind1=" " ind2=" " tag="588"><subfield code="a">Description based on: Vol. 10, no. 30 (Aug. 16, 1861).</subfield></datafield><datafield ind1=" " ind2=" " tag="752"><subfield code="a">United States</subfield><subfield code="b">Texas</subfield><subfield code="c">Marion</subfield><subfield code="d">Jefferson.</subfield></datafield><datafield ind1="0" ind2="4" tag="780"><subfield code="t">Jefferson herald (Jefferson, Tex.)</subfield><subfield code="w">(DLC)sn 86089612</subfield></datafield><datafield ind1="0" ind2="4" tag="780"><subfield code="t">East Texas gazette</subfield><subfield code="w">(DLC)sn 86089617</subfield></datafield></record>